@inproceedings{nameYear,
    title = {{}},
    author = {},
    institution = {},
    booktitle = {},
    volume = {},
    pages = {},
    note = {DOI},
    year = {}
}

@phdthesis{Forsman01,
    title = {{Three-dimensional localization and mapping of static environments by means of mobile perception}},
    author = {P. Forsman},
    month = 11,
    note = {\url{http://urn.fi/urn:nbn:fi:tkk-003107}. Permalink accessed on 
    June 26th 2014},
    school = {Helsinki University of Technology, Automation Technology Laboratory. Series A, Research reports, 23},
    year = 2001
}

@inproceedings{Kooi04,
    title = {{Visual Comfort Of Binocular And 3D Displays}},
    author = {F. Kooi and A. Toet},
    institution = {TNO Human Factors, Vision Group, Netherlands},
    booktitle = {Displays},
    volume = 25,
    pages = {99--108},
    note = {DOI 10.1016/j.displa.2004.07.004},
    year = {2004}
}

@inproceedings{Laine11,
    title = {{Efficient Sparse Voxel Octrees}},
    author = {S. Laine and T. Karras},
    booktitle = {IEEE Transactions on Visualization and Computer Graphics, Issue 8},
    volume = 17,
    pages = {1048-1059},
    note = {DOI 10.1109/TVCG.2010.240},
    year = 2011
    }

@misc{Shrout08,
    title = {John Carmack on id Tech 6, Ray Tracing, Consoles, Physics and more},
    author = {R. Shrout},
    note = {\url{http://www.pcper.com/reviews/Graphics-Cards/John-Carmack-id-Tech-6-Ray-Tracing-Consoles-Physics-and-more?aid=532}},
    year = 2008
}

@article{Rintanen91,
    title = {Modeling, Instrumentation and Modeling Of A Trolley Crane},
    author = {Kari Rintanen},
    institution = {Säätötekniikan laboratorio, Helsinki University of Technology},
    journal = {Report 87},
    note = {\url{http://autsys.aalto.fi/attach/Julkaisut/r87isbn9512208318.pdf}. Accessed on June 23rd 2014.},
    year = {1991}
}

@inproceedings{Pollefeys99, 
    title = {{A Simple And Effective Rectification Method For General Motion}},
    author = {M. Pollefeys and R. Koch and L. Van Gool},
    booktitle = {IEEE Int. Conf. on Computer Vision},
    volume = 1,
    pages = {496 - 501},
    note = {DOI 10.1109/ICCV.1999.791262},
    year = {1999}
}

@misc{CylinderModelSegmentation14,
    author = {pointclouds.org},
    note = {Cylinder model segmentation tutorial, \url{http://pointclouds.org/documentation/tutorials/cylinder_segmentation.php#cylinder-segmentation}. Accessed 9th of June, 2014.}
}

@misc{PlaneModelSegmentation14,
    author = {pointclouds.org},
    note = {Plane model segmentation tutorial, \url{http://pointclouds.org/documentation/tutorials/planar_segmentation.php#planar-segmentation}. Accessed 
    9th of June 2014.}
}

@misc{PCLTutorials14,
    author = {pointclouds.org},
    note = {List of tutorials for PCL computation, \url{http://pointclouds.org/documentation/tutorials/}. Accessed 8th of June 2014.}
}

@misc{VoxelGrid14,
    author = {pointclouds.org},
    note = {Tutorial on PCL VoxelGrid filter, \url{http://pointclouds.org/documentation/tutorials/voxel_grid.php}. Accessed 8th of June, 2014.}
    }

@inproceedings{Rusinkiewicz00,
    title = {{QSplat, A Multiresolution Point Rendering System For Large Meshes}},
    author = {S. Rusinkiewicz and M. Levoy},
    institution = {Stanford Computer Graphics Lab, Stanford, CA, USA},
    booktitle = {27th Annual Conf. on Computer Graphics and Interactive Technologies (SIGGRAPH)},
    pages = {343 - 352},
    note = {DOI 10.1145/344779.344940},
    year = {2000}
}

@misc{PCDFormat14,
    author = {pointclouds.org},
    note = {\url{http://pointclouds.org/documentation/tutorials/pcd_file_format.php}. Accessed June 6th 2014.}
    }

@bachelorthesis{Karlson09,
    title = {OpenCV -kirjaston Kohteentunnistusmenetelmät},
    author = {T. Karlson},
    institution = {Elektroniikan, tietoliikenteen ja automaation tiedekunta, Teknillinen korkeakoulu},
    year = {2009}
}

@inproceedings{Westerberg08,
    title = {{Virtual Environment Teleoperation Of A Hydraulic Forestry Crane}},
    author = {S. Westerberg and I. Manchester and U. Mettin and P. La Hera and A. Shiriaev},
    institution = {Dept. of Applied Physics & Electronics, Umea Univ.},
    booktitle = {IEEE Int. Conf. on Robotics and Automation (ICRA)},
    pages = {4049 - 4054},
    note = {DOI 10.1109/ROBOT.2008.4543833},
    year = {2008}
}

@inproceedings{Peng12,
    title = {{Using Machine Vision And Hand-motion Control To Improve Crane Operator Performance}},
    author = {K. Peng and W. Singhose and P. Bhaumik},
    institution = {Woodruff School of Mech. Eng, Georgia Institute of Technology, Atlanta},
    journal = {IEEE Transactions on Systems, Man and Cybernetics, Vol. 42 Issue 6},
    pages = {1496 - 1503},
    note = {},
    DOI = {10.1109/TSMCA.2012.2199301},
    year = {2012}
}

@inproceedings{Yoshida06,
    title = {{Visual Tracking And Control Of A Moving Overhead Crane Load}},
    author = {Y. Yoshida and K. Tsuzuki},
    institution = {Dept. of Mech. Eng. Chubu Univ., Aichi, Japan},
    booktitle = {IEEE Int. Workshop on Advanced Motion Control},
    pages = {630 - 635},
    note = {DOI 10.1109/AMC.2006.1631733},
    year = {2006}
}

@inproceedings{Kaneshige05,
    title = {{The Development Of An Autonomous Overhead Traveling Crane With Real-time Path Planning Based On The Potential Method}},
    author = {A. Kaneshige and T. Akamatsu and K. Terashima},
    institution = {Dept. of Mech. & Electr. Eng., Tokuyama College of Technology, Kume, Japan},
    booktitle = {Int. Conf. on Control and Automation (ICCA)},
    volume = 2,
    pages = {1079 - 1084},
    note = {DOI 10.1109/ICCA.2005.1528282},
    year = {2005}
    }

@inproceedings{Nagai11,
    title = {{Three-dimensional Obstacle Avoidance Online Path-planning Method For Autonomous Mobile Overhead Crane}},
    author = {S. Nagai and A. Kaneshige and S. Ueki},
    institution = {Dept. of Mech. Eng., Toyota National College of Technology, Japan},
    booktitle = {Int. Conf on Mechatronics and Automation (ICMA)},
    pages = {1497 - 1502},
    DOI = {10.1109/ICMA.2011.5985971},
    year = {2011}
    }

@inproceedings{Lun-Hui14,
    title = {{Efficient Visual Feedback Method To Control A Three-dimensional Overhead Crane}},
    author = {L. Lun-Hui and H. Chung-Hao and Y. Zhi-Heng},
    institution = {Inst. of Nucl. Energy Res., Taoyuan, Taiwan},
    booktitle = {IEEE Transactions on Industrial Electronics},
    volume = 61,
    pages = {4073 - 4083},
    note = {DOI 10.1109/TIE.2013.2286565},
    year = {2014}
    }

@inproceedings{Hainsworth94,
    title = {{Location Of A Dragline Bucket In Space Using Machine Vision Techniques}},
    author = {D. Hainsworth and P. Corke and G. Winstanley},
    institution = {Div. of Exploration & Mining, CSIRO, Australia},
    booktitle = {IEEE Int. Conf. on Acoustics, Speech and Signal Processing},
    volume = 6,
    pages = {161 - 164},
    note = {DOI 10.1109/ICASSP.1994.389916},
    year = {1994}
    }

@inproceedings{Rahmani10,
    title = {{Intelligent Detection Of Electrical Equipment Faults In The Overhead Substations Based Machine Vision}},
    author = {A. Rahmani and J. Haddadnia and A. Sanai and O. Seryasat},
    institution = {Sabzevar Tarbiat Uni, Iran},
    journal = {2nd Int. Conf. on Mechanical and Electronics Engineering (ICMEE)},
    volume = 2,
    pages = {141 - 144},
    note = {DOI 10.1109/ICMEE.2010.5558471},
    year = {2010}
    }

@misc{Abus14,
    author = {ABUS Kransysteme GmbH},
    note = {Product catalog at \url{http://www.abus-kransysteme.de/var/storage/original/application/ca316671e647f62bc65880e507596e6b.pdf}. Accessed June 2nd 2014.},
    }
    
@inproceedings{Kim05,
    title = {{Performance Analysis And Validation Of A Stereo Vision System}},
    author = {W. Kim and A. Ansar and R. Steele and R. Steinke},
    institution = {Jet Propulsion Laboratory, California Institute of Technology},
    booktitle = {IEEE Int. Conf. on Systems, Man and Cybernetics},
    volume = 2,
    pages = {1409 - 1416},
    note = {DOI 10.1109/ICSMC.2005.1571344},
    year = {2005}
    }

@book{Bradski08,
  title={Learning OpenCV: Computer Vision with the OpenCV Library},
  author={G. Bradski and A. Kaehler},
  pages = {316 - 458},
  isbn={9780596554040},
  url={http://books.google.fi/books?id=seAgiOfu2EIC},
  year={2008},
  publisher={O'Reilly Media}
}

@inproceedings{Woo-Seok11,
    title = {{Efficient Disparity Map Estimation Using Occlusion Handling For Various 3d Multimedia Applications}},
    author = {J- Woo-Seok and H. Yo-Sung},
    institution = {Gwangju Inst. of Sci. & Tech. (GIST), South Korea},
    journal = {IEEE Transactions on Consumer Electronics, Issue 4},
    volume = 57,
    pages = {1937 - 1943}
    note = {DOI 10.1109/TCE.2011.6131174},
    year = {2011}
    }

@inproceedings{Kolmogorov01,
    title = {{Computing Visual Correspondence With Occlusions Using Graph Cuts}},
    author = {V. Kolmogorov and R. Zabih},
    institution = {Dept. of Comp. Sci., Cornell Univ., New York},
    journal = {IEEE Int. Conf. on Computer Vision},
    volume = 2,
    pages = {508 - 515},
    note = {10.1109/ICCV.2001.937668},
    year = {2001}
    }    

@inproceedings{Salvi01,
    title = {{A Survey Addressing The Fundamental Matrix Estimation Problem}},
    author = {J. Salvi and X. Armangue and J. Pages},
    institution = {Inst. of Informatics & Applications, Univ. of Girona, Spain},
    journal = {Int. Conf. on Image Processing},
    volume = 2,
    pages = {209 - 212},
    note = {DOI 10.1109/ICIP.2001.958461},
    year = {2001}
    }

@inproceedings{Carro12,
    title = {{An Adaptive Robust Fundamental Matrix Estimation Approach}},
    author = {A.I. Carro and J.R. Morros},
    institution = {Visual Engineering, Barcelona, Spain},
    booktitle = {3DTV-CON},
    pages = {1-4},
    note = {10.1109/3DTV.2012.6365452},
    year = {2012}
    }

@inproceedings{Briggs97,
    title = {{Autocalibration And The Absolute Quadric}},
    author = {B. Triggs},
    institution = {Inst. Nat. de Recherche en Inf. et Autom., Montbonnot St. Martin, France},
    booktitle = {IEEE Comp. Society Conf. on Computer Vision and Pattern Recognition},
    pages = {609 - 614}
    note = {DOI 10.1109/CVPR.1997.609388},
    year = {1997}
    }

@book{Craig05,
    title = {Introduction To Robotics: Mechanics And Control},
    author = {J. Craig},
    pages = {44 - 50, 374 - 377},
    note = {3rd edition. Appendix B \emph{The 24 angle-set conventions}},
    year = {2005}
    }

@PhDThesis{Rusu09, 
    author = {Radu Bogdan Rusu},
    title = {Semantic 3D Object Maps for Everyday Manipulation in Human Living Environments},
    school = {Computer Science department, Technische Universitaet Muenchen, Germany},
    year = {2009}
    }

@inproceedings{Miller12,
    title = {{Kalman Filter-based Tracking Of Multiple Similar Objects From A Moving Camera Platform}},
    author = {C. Miller and B. Allik and M. Ilg and R. Zurakowski},
    institution = {Electr. & Comput. Eng. Univ. of Delaware},
    booktitle = {51st Annual Conf. on Decision and Control (CDC)},
    pages = {5679 - 5684},
    note = {DOI 10.1109/CDC.2012.6425956},
    year = {2012}
    }

@inproceedings{Leibe07,
    title = {{Coupled Detection And Trajectory Estimation For Multi-object Tracking}},
    author = {B. Leibe and K. Schindler and L. Van Gool},
    institution = {ETH Zurich},
    booktitle = {11th Int. Conf. on Computer Vision (ICCV)},
    pages = {1-8},
    note = {DOI 10.1109/ICCV.2007.4408936},
    year = {2007}
    }

@book{Corke11,
    title = {Robotics, Vision and Control: Fundamental Algorithms In MATLAB},
    author = {Peter Corke},
    institution = {Queensland University of Technology},
    DOI = {10.1007/978-3-642-20144-8},
    year = {2011}
    }

@misc{OpenCVWeb,
    title = {Camera Calibration and 3D Reconstruction},
    author = {Intel Corporation Russia and Willow Garage and Itseez},
    note = {\url{http://docs.opencv.org/modules/calib3d/doc/camera_calibration_and_3d_reconstruction.html}. Accessed May 23rd 2014.},
    year = 2014
    }

@inproceedings{Ouyang12,
    title = {{Octree-based Spherical Hierarchical Model For Collision Detection}},
    author = {F. Ouyang and T. Zhang},
    institution = {South China Univ. of Tech., Guangzhou},
    booktitle = {10th Intelligent Control And Automation Congress (WCICA)},
    pages = {3870 - 3875},
    note = {DOI 10.1109/WCICA.2012.6359118},
    year = {2012}
    }

@article{Azim12,
    title = {Detection, Classification And Tracking Of Moving Objects In A 3d Environment},
    author = {A. Azim and O. Aycard},
    institution = {Laboratoire d'Informatique de Grenoble},
    pages = {802 - 807},
    DOI = {10.1109/IVS.2012.6232303},
    year = {2012}
    }

@inproceedings{Noborio88,
    title = {{Construction Of The Octree Approximating A Three-dimensional Object By Using Multiple Views}},
    author = {H. Noborio and S. Fukuda and S. Arimoto},
    booktitle = {IEEE Transactions on Pattern Analysis and Machine Intelligence, Issue 6},
    volume = 10,
    pages = {769 - 782},
    note = {DOI 10.1109/34.9101},
    year = {1988}
    }

@article{Noborio99,
    title = {A Comparative Study Between Real Force Made In Experiment And Virtual Force Made In Octree-based Algorithm},
    author = {H. Noborio and S. Saeki and T. Ikuta},
    journal = {8th IEEE Int. Workshop on Robot and Human Interaction},
    pages = {344 - 350},
    DOI = {10.1109/ROMAN.1999.900364},
    year = 1999
    }

@inproceedings{Ozden10,
    title = {{Multibody Structure-from-motion In Practice}},
    author = {K.E. Ozden and K. Schindler and L. Van Gool},
    journal = {IEEE Transactions on Pattern Analysis and Machine Intelligence, Issue 6},
    volume = 32,
    pages = {1134 - 1141},
    note = {DOI 10.1109/TPAMI.2010.23},
    year = 2010
    }

@book{Trucco98,
    title = {Introductory Techniques For 3-D Computer Vision},
    author = {E. Trucco and A. Verri},
    isbn = {0-13-261108-2},
    year = 1998
    }

@article{Lucas81, 
    title = {An Iterative Image Registration Technique With An Application To Stereo Vision},
    author = {B.D. Lucas and T. Kanade},
    journal = {Proc. 7th Int. Joint Conf. on Artificial Intelligence},
    pages = {674 - 679},
    year = 1981
    }

@techreport{Karhu13,
    title = {Sensor System For Environment Perception},
    author = {Otso Karhu},
    note = {Confidential deliverable, FAMOUS project, GIM research group},
    year = {2013}
    }

@inproceedings{Xu10,
    title = {{Study On Vibration Of Logging Harvester In Forest Land}},
    author = {Xu W. and Lu H. and Guo X.},
    institution = {Dept. of Mech. & Electr. Engineering, Northeast Forestry University, Harbin, China},
    booktitle = {2010 Int. Conf. on Intelligent Computation Technology and Automation (ICICTA)},
    volume = 3,
    pages = {644-647},
    note = {DOI 10.1109/ICICTA.2010.801},
    year = {2010}
    }
    
@inproceedings{You11,
    title = {{3d Triangulation Based Extrinsic Calibration Between A Stereo Vision System And A LIDAR}},
    author = {You L. and Ruichek Y. and Cappelle C.},
    institution = {Univ. de Belfort-Montbeliard, Belfort, France},
    booktitle = {14th Int. Conf. on Intelligent Transportation Systems (ITSC)},
    pages = {797-802},
    note = {DOI 10.1109/ITSC.2011.6082899},
    year = {2011}
    }

@techreport{Kim05,
    title = {Performance Analysis And Validation Of a Stereo Vision System},
    author = {Kim W.S., and Ansar A.I. and Steele R.D. and Steinke R.C.},
    journal = {IEEE Int. Conf. on Systems, Man and Cybernetics, Vol 2},
    pages = {1409-1416},
    institution = {California Jet Propulsion Lab (JPL)},
    DOI = {10.1109/ICSMC.2005.1571344}
    year = 2005
    }

@book{Pollefeys04,
    title = {Visual 3d Modeling From Images},
    author = {M. Pollefeys},
    institution = {University of North Carolina}
    year = 2004
    }

@article{Brown71,
    title = {Close-Range Camera Calibration},
    author = {D. Brown},
    journal = {Photogrammetic Engineering, pages 855-866, Vol. 37, No. 8}
    institution = {DBA Systems Inc.},
    year = 1971
    }

@article{Fetic12, 
    title = {The Procedure Of A Camera Calibration Using Camera Calibration Toolbox For MATLAB},
    author = {A. Fetic and D. Juric and D. Osmankovic},
    institution = {Dept. for Automatic Control and Electronics, Sarajevo, Bosnia and Herzegovina}
    year = 2012
}

@article{Heikkila97,
    title = {A Four-Step Camera Calibration Procedure With Implicit Image Correction},
    author = {J.H Heikkila and O. Silvén},
    institution = {University of Oulu, Dept. of Electrical Engineering}
    note = {\url{http://www.vision.caltech.edu/bouguetj/calib_doc/papers/heikkila97.pdf}. Accessed May 11th 2014.}
    }

@book{Marr82,
    title = {Vision},
    author = {D. Marr},
    institution = {Massachusetts Institute of Technology},
    isbn = {0-7167-1284-9},
    year = 1982
    }

@inproceedings{Fernandes11,
    title = {{Machine Vision Applications And Development Assets}},
    author = {A. Fernandes and L. Moreira and J. Mata},
    booktitle = {9th IEEE Int. Conf. on Control and Automation (ICCA)},
    year = 2011
}

@inproceedings{Peng09, 
    title = {{Crane Control Using Machine Vision And Wand Following}},
    author = {K.C.C. Peng and W. Singhose},
    booktitle = {Proceedings of IEEE Int. Conf. on Mechatronics},
    institution = {Georgia Institute of Technology, Atlanta, GA, USA},
    year = 2009
}

@article{teledyne_whitepaper,
    title = {Machine Vision For Factory Automation},
    institution = {Teledyne DALSA Inc.},
    note = {\url{http://www.controldesign.com/assets/13WPpdf/130724-teledyne-machine-vision.pdf}. Accessed May 11th 2014.},
    year = 2013
}

@article{Fidera04,
    title = {Quality Control Methodologies For 3d Geometric Primitives Derived From LIDAR Data},
    author = {A. Fidera},
    institution = {Ryerson University, Toronto}
    year = 2004
}


@inproceedings{Zhang99,
    title = {{Flexible Camera Calibration by Viewing a Plane From Unknown Orientations}},
    author = {Z. Zhang},
    booktitle = {Int. Conf. on Computer Vision},
    volume = 1,
    pages = {666 - 673},
    note = {DOI 10.1109/ICCV.1999.791289},
    year = 1999
}

@misc{BouquetRef,
    title = {Camera Calibration Toolbox for MATLAB References},
    note = {\url{http://www.vision.caltech.edu/bouguetj/calib_doc/htmls/ref.html}. Accessed April 8th 2014.},
    year = 2000
}

@article{Feng08,
title = {Quality Evaluation of Spatial Point Cloud Data Collected by Vehicle-borne Laser Scanner},
author = {J. Feng and R. Zhong and Y. Yang and W. Zhao},
journal = {2008 Int. Workshop on Education Tech. And Training, 2008 Int. Workshop on Geoscience and Remote Sensing},
DOI = {10.1109/ETTandGRS.2008.97},
year = 2008
}

@article{Hähnel03,
title = {Learning Compact 3d Models Of Indoor And Outdoor Environments With A Mobile Robot},
author =  {Hähnel D. and Burgard W. and Thrun S.},
journal = {Robotics And Autonomous Systems, Vol 44, Issue 1, pages 15 - 27},
DOI = {10.1016/S0921-8890(03)00007-1},
year = 2003
}

@article{Surmann03,
title = {An Autonomous Mobile Robot With A 3d Laser Range Finder For 3d Exploration And Digitalization Of Indoor Environments},
author = {Surmann H. and Nüchter A. and Hertzberg J.},
journal = {Robotics and Autonomous Systems, Vol. 45, Issues 3-4, pages 181 - 198},
DOI = {10.1016/j.robot.2003.09.004},
year = 2003
}

@inproceedings{Chen91,
    title = {{Object Modeling By Registration Of Multiple Range Images}},
    author = {Chen Y. and Medioni G.},
    booktitle = {Int. Conf. on Robotics and Automation},
    volume = 3,
    pages = {2724 - 2729},
    note = {DOI 10.1109/ROBOT.1991.132043},
    year = 1991
}

@article{Huber81,
title = {Robust Statistics},
author = {Huber P.J.},
journal = {International Encyclopedia of Statistical Science, pages 1248 - 1251}, 
DOI = {10.1007/978-3-642-04898-2_594}, 
year = 1981
}

@article{Torr00,
title = {MLESAC: A New Robust Estimator with Application to Estimating Image Geometry},
author = {Torr P.H.S. and Zissermann A.}
journal = {Computer Vision and Image Understanding, Vol 78, Issue 1, pages 138 - 156},
DOI = {10.1006/cviu.1999.0832},
year = 2000
}

@article{Fischler81,
title = {Random Sample Consensus: A Paradigm For Model Fitting With Application To Image Analysis And Automated Cartography},
journal = {Communications of the ACM, Vol. 24 Issue 6, pages 381 - 395},
DOI = {10.1145/358669.358692},
year = 1981
}

@journal{ElHakim98,
title = {A Multi-sensor Approach To Creating Accurate Virtual Environments},
author = {El-Hakim S.F. and Brenner C. and Roth G.},
journal = {ISPRS Journal of Photogrammetry and Remote Sensing, Vol. 53, Issue 6, pages 379 - 391},
DOI =  {10.1016/S0924-2716(98)00021-5},
year = 1998
}

@inproceedings{Agarval09,
    title = {Building Rome In A Day},
    author = {Agarval S. and Snavely N. and Simon I. and Szeliski R.},
    booktitle = {IEEE 12th Int. Conf. on Computer Vision},
    pages = {72 - 79},
    note = {DOI 10.1109/ICCV.2009.5459148},
    year = 2009
}

@article{Zrni04, 
title = {Development of Design of Ship-To-Shore Container Cranes: 1959–2004},
author = {N. Zrni ü and K. Hoffmann},
journal = {International Symposium on History of Machines and Mechanisms, pages 229 - 242},
DOI = {10.1007/1-4020-2204-2_19},
year = 2004
}

@article{Huebner08,
title = {Minimum Volume Bounding Box Decomposition for Shape Approximation in Robot Grasping},
author = {K. Hueber and S. Ruthotto and D. Kragic},
journal = {IEEE Int. Conf. on Robotics and Automation, ICRA, pages 1628 - 1633},
DOI = {10.1109/ROBOT.2008.4543434},
year = 2008
}

@drthesis{Kyto14,
title = {Depth Perception of Augmented and Natural Scenes through Stereoscopic Systems},
author = {Mikko Kytö},
institution = {Dept. of Media Technology, Aalto University},
year = 2014
}

@article{Medeiros07,
title = {An Adaptive Learning Approach for 3-D Surface Reconstruction for Point Clouds},
author = {A. de Medeiros Brito Júnior and A. Neto and J. de Melo and L. Gonçalves},
institution = {Dept. of Computer and Automation Engineering, Universidade Federal do Rio Grande do Norte},
DOI = {10.1109/TNN.2008.2000390},
year = 2007
}

@book{Ericson05,
title = {Real-Time Collision Detection},
author = {C. Ericson},
ISBN = {978-1-55860-732-3},
year = 2005
}

@inproceedings{Sulaiman09,
    title = {{Bounding-Volume Hierarchies Technique for Detecting Object Interference in Urban Environment Simulation}},
    author = {H. Sulaiman and A. Bade and N. Suaib},
    booktitle = {2009 Second International Conference on Environmental and Computer Science},
    pages = {436 - 440},
    note = {DOI 10.1109/ICECS.2009.93},
    year = 2009
}

@inproceedings{labayrade02,
    title = {{Real Time Obstacle Detection in Sterevision on Non Flat Road Geometry Through V-disparity Representation}},
    author = {R. Labayrade and D. Aubert and J. Tarel},
    booktitle = {IEEE Intelligent Vehicle Symposium},
    volume = 2,
    pages = {646-651},
    note = {DOI 10.1109/IVS.2002.1188024},
    year = 2002
}

@thesis{tikkanen13,
title = {People Detection and Tracking Using a Network of Low-cost Depth Cameras},
author = {T. Tikkanen},
year = 2013
}

@misc{Goebel12,
title = {ROS by example - A Do-It-Yourself Guide to the Robot Operating System},
author = {R. Patrick Goebel},
year = 2012,
note = {Version 1.01}
}

@drthesis{Unnikrishnan08,
title = {Statistical Approaches to Multi-scale Point Cloud Processing},
author = {R. Unnikrishnan},
institution = {The Robotics Institute Carnegie Mellon University},
year = 2008
}

@inproceedings{Meagher82,
    title = {{Geometric Modeling Using Octree Encoding}},
    author = {D. Meagher},
    booktitle = {Computer Graphics and Image Processing},
    volume = 2,
    pages = {129-147},
    year = 1982
}

@masterthesis{Busch07, 
title = {Design and Implementation of a Stereo Vision Based Navigation System for the Micro-RoSA-2 Mars Rover},
author = {S. Busch},
year = 2007
}

@masterthesis{Komi05,
title = {Stereo Imaging and 3D Accuracy Assessment},
author = {P. Komi},
year = 2005
}

@misc{Hornung10, 
title = {Octomap - An Efficient Probabilistic 3D Mapping Framework Based on Octrees},
author = {A. Hornung},
year = 2010,
url = {http://octomap.github.io/},
note = {Accessed July 2nd 2013.}
}

@inproceedings{Terho10, 
    title = {{Using Stereo Cameras in MaCI}},
    author = {S. Terho},
    booktitle = {1st GIM International Symposium for GIMnet/MaCI Developers},
    year = 2010
}

@inproceedings{Woodham80,
    title = {{Photometric Method of Determining Surface Orientation from Multiple Images}},
    author = {R. J. Woodham},
    booktitle = {Optical Engineering, Issue 19},
    pages = {129 - 144},
    year = 1980
}

@misc{IDSImagingWeb13,
    title = {IDS GigE uEye UI-5120 RE Cameras},
    url = {http://en.ids-imaging.com/store/produkte/kameras/ui-5120re.html},
    note = {Accessed July 1st 2013.}
}

@book{Sonka07,
    title = {Image Processing, Analysis, and Machine Vision},
    author = {M. Sonka and V. Hlavac and R. Boyle},
    year = 2007
    }

@inproceedings{Gallup08,
    title = {{Variable Baseline/Resolution Stereo}},
    author = {D. Gallup and J-M. Frahm and P. Mordohai and M. Pollefeys},
    booktitle = {IEEE Conference on Computer Vision and Pattern Recognition},
    note = {DOI 10.1109/CVPR.2008.4587671},
    year = 2008
}

@misc{CaltechWeb10,
    title = {Camera Calibration Toolbox for MATLAB},
    note = {\url{http://www.vision.caltech.edu/bouguetj/calib_doc/htmls/parameters.html}. Accessed June 18th 2013.},
    year = 2010
}

@article{Heikkila00,
    title = {Geometric Camera Calibration Using Circular Control Points},
    author = {J. Heikkilä},
    institution = {IEEE Computer Society},
    DOI = {10.1109/34.879788}
}

@techreport{Raula11,
    title = {Modelling and Simulation for Safety Design and Assessment},
    author = {J. Raula and T. Mustonen},
    institution = {Finnish Metals and Engineering Competence Cluster Ltd}
}

@inproceedings{Kawai12,
    title = {{Measurement of a Container Crane Spreader Under Bad Weather Conditions by Image Restoration}},
    author = {H. Kawai and Y-B. Kim and Y. Choi},
    booktitle = {IEEE},
    year = 2012
    }

@techreport{Ahtiainen12,
    title = {State-of-the-art in Estimating the Terrain Traversability From a Mobile Platform},
    author = {J. Ahtiainen and A. Virtanen},
    institution = {Finnish Metals and Engineering Competence Cluster Ltd},
    year = 2012
}

@techreport{Wenger07,
    title = {Long Range and Ultra-Wideband Short Range Automotive Radar},
    author = {J. Wenger and S. Hahn},
    DOI = {10.1109/ICUWB.2007.4381000},
    year = 2007
}

@book{Gonzalez92,
    title = {Digital Image Processing},
    author = {R. C. Gonzalez and R. E. Woods},
    ISBN = {0-201-50803-6},
    year = 1992
    }

@article{Zitnick00,
    title = {A Cooperative Algorithm for Stereo Matching and Occlusion Detection},
    author = {C. L. Zitnick and T. Kanade},
    institution = {IEEE},
    year = 2000
}

@techreport{Johnson96,
    title = {Control of Mesh Resolution for 3D Computer Vision},
    author = {A. Johnson},
    institution = {The Robotics Institute Carnegie Mellon University},
    year = 1996
}

@proceedings{Rander97,
    title = {Virtualized Reality: Constructing Time-Varying Virtual Worlds From Real World Events},
    author = {P. Rander and P.J. Narayanan and T. Kanade},
    instution = {The Robotics Institute Carnegie Mellon University},
    year = 1997
}

@techreport{Lienhart03,
    title = {Empirical Analysis of Detection Cascades of Boosted Classifiers for Rapid Object Detection},
    author = {R. {Lienhart} and A. Kuranov and V. Pisarevsky},
    institution = {Intel Labs}
    year = 2003
}

@proceedings{Viola01,
    title = {Rapid Object Detection Using a Boosted Cascade of Simple Features},
    author = {P. Viola and M. J. Jones},
    year = 2001,
    institution = {{IEEE}}
}